<?xml version="1.0" encoding="UTF-8"?><record xmlns="http://www.loc.gov/MARC21/slim" xmlns:cinclude="http://apache.org/cocoon/include/1.0" xmlns:zs="http://www.loc.gov/zing/srw/">
  <leader>00488nz  a2200133n  4500</leader>
  <controlfield tag="001">nr2004012928</controlfield>
  <controlfield tag="003">DLC</controlfield>
  <controlfield tag="005">20040430033114.0</controlfield>
  <controlfield tag="008">040426n| acannaabn          |n ana     c</controlfield>
  <datafield tag="010" ind1=" " ind2=" ">
    <subfield code="a">nr2004012928</subfield>
  </datafield>
  <datafield tag="040" ind1=" " ind2=" ">
    <subfield code="a">CU-SB</subfield>
    <subfield code="b">eng</subfield>
    <subfield code="c">CU-SB</subfield>
  </datafield>
  <datafield tag="110" ind1="2" ind2=" ">
    <subfield code="a">Clasa-Mohme, Inc.</subfield>
  </datafield>
  <datafield tag="670" ind1=" " ind2=" ">
    <subfield code="a">Clasa Mohme, Inc., distributors of Mexican films, 1961?:</subfield>
    <subfield code="b">p. 1 (Clasa-Mohme, Inc.; home office, Los Angeles, Calif.)</subfield>
  </datafield>
  <datafield tag="670" ind1=" " ind2=" ">
    <subfield code="a">RLIN, Apr. 26, 2004</subfield>
    <subfield code="b">(hdg.: Clasa-Mohme (Firm); Clasa-Mohme, Inc.; usage: Clasa-Mohme, Inc.)</subfield>
  </datafield>
</record>